<?xml version="1.0" encoding="UTF-8"?><collection xmlns="http://www.loc.gov/MARC21/slim"><record><leader>00610nam--2200205-u-4500</leader><controlfield tag="001">000052828</controlfield><controlfield tag="002">20161230</controlfield><controlfield tag="005">20161230201050</controlfield><controlfield tag="008">101122s1000------------r-----000-0-eng-d</controlfield><datafield ind1=" " ind2=" " tag="020"><subfield code="a">9789290833369</subfield></datafield><datafield ind1=" " ind2=" " tag="040"><subfield code="a">IFIN-HH</subfield></datafield><datafield ind1=" " ind2=" " tag="080"><subfield code="a">621.384.6</subfield></datafield><datafield ind1="1" ind2=" " tag="100"><subfield code="a">Breskin, Amos</subfield></datafield><datafield ind1="1" ind2="0" tag="245"><subfield code="a">The cern large hadron collider: accelerator and experiments</subfield><subfield code="c">AMOS BRESKIN; RUDIGER VOSS (Eds.)</subfield></datafield><datafield ind1=" " ind2=" " tag="260"><subfield code="a">Geneva</subfield><subfield code="b">Cern</subfield><subfield code="c">2009</subfield></datafield><datafield ind1=" " ind2=" " tag="300"><subfield code="a">2 VOLUME</subfield></datafield><datafield ind1="1" ind2=" " tag="700"><subfield code="a">Voss, Rudiger</subfield><subfield code="e">Ed</subfield></datafield><datafield ind1=" " ind2=" " tag="787"><subfield code="a">vol. 2</subfield><subfield code="h">334p.+205p.+36p.+ 107p</subfield><subfield code="t">Cms, Lhcb, Lhcf, And Totem</subfield></datafield><datafield ind1=" " ind2=" " tag="852"><subfield code="a">82306</subfield><subfield code="c">621.384.6</subfield></datafield><datafield ind1=" " ind2=" " tag="CAT"><subfield code="a">Sys</subfield><subfield code="c">20120201</subfield><subfield code="h">130730</subfield></datafield></record></collection>